%YAML 1.1
%TAG !u! tag:unity3d.com,2011:
--- !u!1 &8047340007407264022
GameObject:
  m_ObjectHideFlags: 0
  m_CorrespondingSourceObject: {fileID: 0}
  m_PrefabInstance: {fileID: 0}
  m_PrefabAsset: {fileID: 0}
  serializedVersion: 6
  m_Component:
  - component: {fileID: 8047340007407264023}
  - component: {fileID: 1816141300220484245}
  - component: {fileID: 6316357790367573277}
  m_Layer: 0
  m_Name: Grass Trip
  m_TagString: Untagged
  m_Icon: {fileID: 0}
  m_NavMeshLayer: 0
  m_StaticEditorFlags: 0
  m_IsActive: 1
--- !u!4 &8047340007407264023
Transform:
  m_ObjectHideFlags: 0
  m_CorrespondingSourceObject: {fileID: 0}
  m_PrefabInstance: {fileID: 0}
  m_PrefabAsset: {fileID: 0}
  m_GameObject: {fileID: 8047340007407264022}
  m_LocalRotation: {x: 0, y: 0, z: 0, w: 1}
  m_LocalPosition: {x: -22, y: 0, z: 0}
  m_LocalScale: {x: 1, y: 1, z: 1}
  m_Children:
  - {fileID: 8044434201297525982}
  - {fileID: 8044434200734314502}
  - {fileID: 8044434201348722960}
  - {fileID: 8044434199499706917}
  - {fileID: 8044434199848928649}
  - {fileID: 8044434199766193538}
  - {fileID: 8044434201332814779}
  - {fileID: 8044434199750709906}
  - {fileID: 8044434199950846972}
  - {fileID: 8044434201473388447}
  - {fileID: 8044434199507243398}
  - {fileID: 8044434200501150252}
  - {fileID: 8044434199567153950}
  - {fileID: 8044434201336037091}
  - {fileID: 8044434201506520415}
  - {fileID: 8044434199683336887}
  - {fileID: 8044434201388963489}
  - {fileID: 8044434200137951700}
  - {fileID: 8044434200177084678}
  - {fileID: 8044434200433214903}
  - {fileID: 8044434200379583711}
  - {fileID: 8044434201505388466}
  - {fileID: 8044434200258156628}
  - {fileID: 8044434199680082589}
  - {fileID: 8044434201381122829}
  m_Father: {fileID: 0}
  m_RootOrder: 0
  m_LocalEulerAnglesHint: {x: 0, y: 0, z: 0}
--- !u!114 &1816141300220484245
MonoBehaviour:
  m_ObjectHideFlags: 0
  m_CorrespondingSourceObject: {fileID: 0}
  m_PrefabInstance: {fileID: 0}
  m_PrefabAsset: {fileID: 0}
  m_GameObject: {fileID: 8047340007407264022}
  m_Enabled: 1
  m_EditorHideFlags: 0
  m_Script: {fileID: 11500000, guid: d7a6ee1bf6d2e0c4b93729fbb504f49d, type: 3}
  m_Name: 
  m_EditorClassIdentifier: 
  tree: {fileID: 1314636615204992, guid: a4892b7c79196cc43885f89cd881ea0d, type: 3}
  maxTreeCount: 6
  minTreeCount: 2
  leftZ: -28
  rightZ: 18
--- !u!114 &6316357790367573277
MonoBehaviour:
  m_ObjectHideFlags: 0
  m_CorrespondingSourceObject: {fileID: 0}
  m_PrefabInstance: {fileID: 0}
  m_PrefabAsset: {fileID: 0}
  m_GameObject: {fileID: 8047340007407264022}
  m_Enabled: 1
  m_EditorHideFlags: 0
  m_Script: {fileID: 11500000, guid: 43b0d059db0205d4aad1472974c33b61, type: 3}
  m_Name: 
  m_EditorClassIdentifier: 
  coinPrefab: {fileID: 3166658224206939007, guid: 1b18cdbab4fc3ef4182a06c95e460510,
    type: 3}
  minZ: -6
  maxZ: 8
--- !u!1001 &8047340006926349900
PrefabInstance:
  m_ObjectHideFlags: 0
  serializedVersion: 2
  m_Modification:
    m_TransformParent: {fileID: 8047340007407264023}
    m_Modifications:
    - target: {fileID: 1528761151779596, guid: 1534b282dd30225468970761b4d95c4e, type: 3}
      propertyPath: m_Name
      value: Grass 01 (1)
      objectReference: {fileID: 0}
    - target: {fileID: 4071840698320458, guid: 1534b282dd30225468970761b4d95c4e, type: 3}
      propertyPath: m_LocalPosition.x
      value: 0
      objectReference: {fileID: 0}
    - target: {fileID: 4071840698320458, guid: 1534b282dd30225468970761b4d95c4e, type: 3}
      propertyPath: m_LocalPosition.y
      value: 0
      objectReference: {fileID: 0}
    - target: {fileID: 4071840698320458, guid: 1534b282dd30225468970761b4d95c4e, type: 3}
      propertyPath: m_LocalPosition.z
      value: 2
      objectReference: {fileID: 0}
    - target: {fileID: 4071840698320458, guid: 1534b282dd30225468970761b4d95c4e, type: 3}
      propertyPath: m_LocalRotation.x
      value: -0
      objectReference: {fileID: 0}
    - target: {fileID: 4071840698320458, guid: 1534b282dd30225468970761b4d95c4e, type: 3}
      propertyPath: m_LocalRotation.y
      value: -0
      objectReference: {fileID: 0}
    - target: {fileID: 4071840698320458, guid: 1534b282dd30225468970761b4d95c4e, type: 3}
      propertyPath: m_LocalRotation.z
      value: -0
      objectReference: {fileID: 0}
    - target: {fileID: 4071840698320458, guid: 1534b282dd30225468970761b4d95c4e, type: 3}
      propertyPath: m_LocalRotation.w
      value: 1
      objectReference: {fileID: 0}
    - target: {fileID: 4071840698320458, guid: 1534b282dd30225468970761b4d95c4e, type: 3}
      propertyPath: m_RootOrder
      value: 1
      objectReference: {fileID: 0}
    - target: {fileID: 4071840698320458, guid: 1534b282dd30225468970761b4d95c4e, type: 3}
      propertyPath: m_LocalEulerAnglesHint.x
      value: 0
      objectReference: {fileID: 0}
    - target: {fileID: 4071840698320458, guid: 1534b282dd30225468970761b4d95c4e, type: 3}
      propertyPath: m_LocalEulerAnglesHint.y
      value: 0
      objectReference: {fileID: 0}
    - target: {fileID: 4071840698320458, guid: 1534b282dd30225468970761b4d95c4e, type: 3}
      propertyPath: m_LocalEulerAnglesHint.z
      value: 0
      objectReference: {fileID: 0}
    m_RemovedComponents: []
  m_SourcePrefab: {fileID: 100100000, guid: 1534b282dd30225468970761b4d95c4e, type: 3}
--- !u!4 &8044434200734314502 stripped
Transform:
  m_CorrespondingSourceObject: {fileID: 4071840698320458, guid: 1534b282dd30225468970761b4d95c4e,
    type: 3}
  m_PrefabInstance: {fileID: 8047340006926349900}
  m_PrefabAsset: {fileID: 0}
--- !u!1001 &8047340007422188180
PrefabInstance:
  m_ObjectHideFlags: 0
  serializedVersion: 2
  m_Modification:
    m_TransformParent: {fileID: 8047340007407264023}
    m_Modifications:
    - target: {fileID: 1528761151779596, guid: 1534b282dd30225468970761b4d95c4e, type: 3}
      propertyPath: m_Name
      value: Grass 01
      objectReference: {fileID: 0}
    - target: {fileID: 4071840698320458, guid: 1534b282dd30225468970761b4d95c4e, type: 3}
      propertyPath: m_LocalPosition.x
      value: 0
      objectReference: {fileID: 0}
    - target: {fileID: 4071840698320458, guid: 1534b282dd30225468970761b4d95c4e, type: 3}
      propertyPath: m_LocalPosition.y
      value: 0
      objectReference: {fileID: 0}
    - target: {fileID: 4071840698320458, guid: 1534b282dd30225468970761b4d95c4e, type: 3}
      propertyPath: m_LocalPosition.z
      value: 0
      objectReference: {fileID: 0}
    - target: {fileID: 4071840698320458, guid: 1534b282dd30225468970761b4d95c4e, type: 3}
      propertyPath: m_LocalRotation.x
      value: -0
      objectReference: {fileID: 0}
    - target: {fileID: 4071840698320458, guid: 1534b282dd30225468970761b4d95c4e, type: 3}
      propertyPath: m_LocalRotation.y
      value: -0
      objectReference: {fileID: 0}
    - target: {fileID: 4071840698320458, guid: 1534b282dd30225468970761b4d95c4e, type: 3}
      propertyPath: m_LocalRotation.z
      value: -0
      objectReference: {fileID: 0}
    - target: {fileID: 4071840698320458, guid: 1534b282dd30225468970761b4d95c4e, type: 3}
      propertyPath: m_LocalRotation.w
      value: 1
      objectReference: {fileID: 0}
    - target: {fileID: 4071840698320458, guid: 1534b282dd30225468970761b4d95c4e, type: 3}
      propertyPath: m_RootOrder
      value: 0
      objectReference: {fileID: 0}
    - target: {fileID: 4071840698320458, guid: 1534b282dd30225468970761b4d95c4e, type: 3}
      propertyPath: m_LocalEulerAnglesHint.x
      value: 0
      objectReference: {fileID: 0}
    - target: {fileID: 4071840698320458, guid: 1534b282dd30225468970761b4d95c4e, type: 3}
      propertyPath: m_LocalEulerAnglesHint.y
      value: 0
      objectReference: {fileID: 0}
    - target: {fileID: 4071840698320458, guid: 1534b282dd30225468970761b4d95c4e, type: 3}
      propertyPath: m_LocalEulerAnglesHint.z
      value: 0
      objectReference: {fileID: 0}
    m_RemovedComponents: []
  m_SourcePrefab: {fileID: 100100000, guid: 1534b282dd30225468970761b4d95c4e, type: 3}
--- !u!4 &8044434201297525982 stripped
Transform:
  m_CorrespondingSourceObject: {fileID: 4071840698320458, guid: 1534b282dd30225468970761b4d95c4e,
    type: 3}
  m_PrefabInstance: {fileID: 8047340007422188180}
  m_PrefabAsset: {fileID: 0}
--- !u!1001 &8047340007469553498
PrefabInstance:
  m_ObjectHideFlags: 0
  serializedVersion: 2
  m_Modification:
    m_TransformParent: {fileID: 8047340007407264023}
    m_Modifications:
    - target: {fileID: 1528761151779596, guid: 1534b282dd30225468970761b4d95c4e, type: 3}
      propertyPath: m_Name
      value: Grass 01 (2)
      objectReference: {fileID: 0}
    - target: {fileID: 4071840698320458, guid: 1534b282dd30225468970761b4d95c4e, type: 3}
      propertyPath: m_LocalPosition.x
      value: 0
      objectReference: {fileID: 0}
    - target: {fileID: 4071840698320458, guid: 1534b282dd30225468970761b4d95c4e, type: 3}
      propertyPath: m_LocalPosition.y
      value: 0
      objectReference: {fileID: 0}
    - target: {fileID: 4071840698320458, guid: 1534b282dd30225468970761b4d95c4e, type: 3}
      propertyPath: m_LocalPosition.z
      value: 4
      objectReference: {fileID: 0}
    - target: {fileID: 4071840698320458, guid: 1534b282dd30225468970761b4d95c4e, type: 3}
      propertyPath: m_LocalRotation.x
      value: -0
      objectReference: {fileID: 0}
    - target: {fileID: 4071840698320458, guid: 1534b282dd30225468970761b4d95c4e, type: 3}
      propertyPath: m_LocalRotation.y
      value: -0
      objectReference: {fileID: 0}
    - target: {fileID: 4071840698320458, guid: 1534b282dd30225468970761b4d95c4e, type: 3}
      propertyPath: m_LocalRotation.z
      value: -0
      objectReference: {fileID: 0}
    - target: {fileID: 4071840698320458, guid: 1534b282dd30225468970761b4d95c4e, type: 3}
      propertyPath: m_LocalRotation.w
      value: 1
      objectReference: {fileID: 0}
    - target: {fileID: 4071840698320458, guid: 1534b282dd30225468970761b4d95c4e, type: 3}
      propertyPath: m_RootOrder
      value: 2
      objectReference: {fileID: 0}
    - target: {fileID: 4071840698320458, guid: 1534b282dd30225468970761b4d95c4e, type: 3}
      propertyPath: m_LocalEulerAnglesHint.x
      value: 0
      objectReference: {fileID: 0}
    - target: {fileID: 4071840698320458, guid: 1534b282dd30225468970761b4d95c4e, type: 3}
      propertyPath: m_LocalEulerAnglesHint.y
      value: 0
      objectReference: {fileID: 0}
    - target: {fileID: 4071840698320458, guid: 1534b282dd30225468970761b4d95c4e, type: 3}
      propertyPath: m_LocalEulerAnglesHint.z
      value: 0
      objectReference: {fileID: 0}
    m_RemovedComponents: []
  m_SourcePrefab: {fileID: 100100000, guid: 1534b282dd30225468970761b4d95c4e, type: 3}
--- !u!4 &8044434201348722960 stripped
Transform:
  m_CorrespondingSourceObject: {fileID: 4071840698320458, guid: 1534b282dd30225468970761b4d95c4e,
    type: 3}
  m_PrefabInstance: {fileID: 8047340007469553498}
  m_PrefabAsset: {fileID: 0}
--- !u!1001 &8047340007521113585
PrefabInstance:
  m_ObjectHideFlags: 0
  serializedVersion: 2
  m_Modification:
    m_TransformParent: {fileID: 8047340007407264023}
    m_Modifications:
    - target: {fileID: 1528761151779596, guid: 1534b282dd30225468970761b4d95c4e, type: 3}
      propertyPath: m_Name
      value: Grass 01 (6)
      objectReference: {fileID: 0}
    - target: {fileID: 4071840698320458, guid: 1534b282dd30225468970761b4d95c4e, type: 3}
      propertyPath: m_LocalPosition.x
      value: 0
      objectReference: {fileID: 0}
    - target: {fileID: 4071840698320458, guid: 1534b282dd30225468970761b4d95c4e, type: 3}
      propertyPath: m_LocalPosition.y
      value: 0
      objectReference: {fileID: 0}
    - target: {fileID: 4071840698320458, guid: 1534b282dd30225468970761b4d95c4e, type: 3}
      propertyPath: m_LocalPosition.z
      value: -2
      objectReference: {fileID: 0}
    - target: {fileID: 4071840698320458, guid: 1534b282dd30225468970761b4d95c4e, type: 3}
      propertyPath: m_LocalRotation.x
      value: -0
      objectReference: {fileID: 0}
    - target: {fileID: 4071840698320458, guid: 1534b282dd30225468970761b4d95c4e, type: 3}
      propertyPath: m_LocalRotation.y
      value: -0
      objectReference: {fileID: 0}
    - target: {fileID: 4071840698320458, guid: 1534b282dd30225468970761b4d95c4e, type: 3}
      propertyPath: m_LocalRotation.z
      value: -0
      objectReference: {fileID: 0}
    - target: {fileID: 4071840698320458, guid: 1534b282dd30225468970761b4d95c4e, type: 3}
      propertyPath: m_LocalRotation.w
      value: 1
      objectReference: {fileID: 0}
    - target: {fileID: 4071840698320458, guid: 1534b282dd30225468970761b4d95c4e, type: 3}
      propertyPath: m_RootOrder
      value: 6
      objectReference: {fileID: 0}
    - target: {fileID: 4071840698320458, guid: 1534b282dd30225468970761b4d95c4e, type: 3}
      propertyPath: m_LocalEulerAnglesHint.x
      value: 0
      objectReference: {fileID: 0}
    - target: {fileID: 4071840698320458, guid: 1534b282dd30225468970761b4d95c4e, type: 3}
      propertyPath: m_LocalEulerAnglesHint.y
      value: 0
      objectReference: {fileID: 0}
    - target: {fileID: 4071840698320458, guid: 1534b282dd30225468970761b4d95c4e, type: 3}
      propertyPath: m_LocalEulerAnglesHint.z
      value: 0
      objectReference: {fileID: 0}
    m_RemovedComponents: []
  m_SourcePrefab: {fileID: 100100000, guid: 1534b282dd30225468970761b4d95c4e, type: 3}
--- !u!4 &8044434201332814779 stripped
Transform:
  m_CorrespondingSourceObject: {fileID: 4071840698320458, guid: 1534b282dd30225468970761b4d95c4e,
    type: 3}
  m_PrefabInstance: {fileID: 8047340007521113585}
  m_PrefabAsset: {fileID: 0}
--- !u!1001 &8047340007532591273
PrefabInstance:
  m_ObjectHideFlags: 0
  serializedVersion: 2
  m_Modification:
    m_TransformParent: {fileID: 8047340007407264023}
    m_Modifications:
    - target: {fileID: 1528761151779596, guid: 1534b282dd30225468970761b4d95c4e, type: 3}
      propertyPath: m_Name
      value: Grass 01 (13)
      objectReference: {fileID: 0}
    - target: {fileID: 4071840698320458, guid: 1534b282dd30225468970761b4d95c4e, type: 3}
      propertyPath: m_LocalPosition.x
      value: 0
      objectReference: {fileID: 0}
    - target: {fileID: 4071840698320458, guid: 1534b282dd30225468970761b4d95c4e, type: 3}
      propertyPath: m_LocalPosition.y
      value: 0
      objectReference: {fileID: 0}
    - target: {fileID: 4071840698320458, guid: 1534b282dd30225468970761b4d95c4e, type: 3}
      propertyPath: m_LocalPosition.z
      value: -12
      objectReference: {fileID: 0}
    - target: {fileID: 4071840698320458, guid: 1534b282dd30225468970761b4d95c4e, type: 3}
      propertyPath: m_LocalRotation.x
      value: -0
      objectReference: {fileID: 0}
    - target: {fileID: 4071840698320458, guid: 1534b282dd30225468970761b4d95c4e, type: 3}
      propertyPath: m_LocalRotation.y
      value: -0
      objectReference: {fileID: 0}
    - target: {fileID: 4071840698320458, guid: 1534b282dd30225468970761b4d95c4e, type: 3}
      propertyPath: m_LocalRotation.z
      value: -0
      objectReference: {fileID: 0}
    - target: {fileID: 4071840698320458, guid: 1534b282dd30225468970761b4d95c4e, type: 3}
      propertyPath: m_LocalRotation.w
      value: 1
      objectReference: {fileID: 0}
    - target: {fileID: 4071840698320458, guid: 1534b282dd30225468970761b4d95c4e, type: 3}
      propertyPath: m_RootOrder
      value: 13
      objectReference: {fileID: 0}
    - target: {fileID: 4071840698320458, guid: 1534b282dd30225468970761b4d95c4e, type: 3}
      propertyPath: m_LocalEulerAnglesHint.x
      value: 0
      objectReference: {fileID: 0}
    - target: {fileID: 4071840698320458, guid: 1534b282dd30225468970761b4d95c4e, type: 3}
      propertyPath: m_LocalEulerAnglesHint.y
      value: 0
      objectReference: {fileID: 0}
    - target: {fileID: 4071840698320458, guid: 1534b282dd30225468970761b4d95c4e, type: 3}
      propertyPath: m_LocalEulerAnglesHint.z
      value: 0
      objectReference: {fileID: 0}
    m_RemovedComponents: []
  m_SourcePrefab: {fileID: 100100000, guid: 1534b282dd30225468970761b4d95c4e, type: 3}
--- !u!4 &8044434201336037091 stripped
Transform:
  m_CorrespondingSourceObject: {fileID: 4071840698320458, guid: 1534b282dd30225468970761b4d95c4e,
    type: 3}
  m_PrefabInstance: {fileID: 8047340007532591273}
  m_PrefabAsset: {fileID: 0}
--- !u!1001 &8047340007841920327
PrefabInstance:
  m_ObjectHideFlags: 0
  serializedVersion: 2
  m_Modification:
    m_TransformParent: {fileID: 8047340007407264023}
    m_Modifications:
    - target: {fileID: 1528761151779596, guid: 1534b282dd30225468970761b4d95c4e, type: 3}
      propertyPath: m_Name
      value: Grass 01 (24)
      objectReference: {fileID: 0}
    - target: {fileID: 4071840698320458, guid: 1534b282dd30225468970761b4d95c4e, type: 3}
      propertyPath: m_LocalPosition.x
      value: 0
      objectReference: {fileID: 0}
    - target: {fileID: 4071840698320458, guid: 1534b282dd30225468970761b4d95c4e, type: 3}
      propertyPath: m_LocalPosition.y
      value: 0
      objectReference: {fileID: 0}
    - target: {fileID: 4071840698320458, guid: 1534b282dd30225468970761b4d95c4e, type: 3}
      propertyPath: m_LocalPosition.z
      value: -28
      objectReference: {fileID: 0}
    - target: {fileID: 4071840698320458, guid: 1534b282dd30225468970761b4d95c4e, type: 3}
      propertyPath: m_LocalRotation.x
      value: -0
      objectReference: {fileID: 0}
    - target: {fileID: 4071840698320458, guid: 1534b282dd30225468970761b4d95c4e, type: 3}
      propertyPath: m_LocalRotation.y
      value: -0
      objectReference: {fileID: 0}
    - target: {fileID: 4071840698320458, guid: 1534b282dd30225468970761b4d95c4e, type: 3}
      propertyPath: m_LocalRotation.z
      value: -0
      objectReference: {fileID: 0}
    - target: {fileID: 4071840698320458, guid: 1534b282dd30225468970761b4d95c4e, type: 3}
      propertyPath: m_LocalRotation.w
      value: 1
      objectReference: {fileID: 0}
    - target: {fileID: 4071840698320458, guid: 1534b282dd30225468970761b4d95c4e, type: 3}
      propertyPath: m_RootOrder
      value: 24
      objectReference: {fileID: 0}
    - target: {fileID: 4071840698320458, guid: 1534b282dd30225468970761b4d95c4e, type: 3}
      propertyPath: m_LocalEulerAnglesHint.x
      value: 0
      objectReference: {fileID: 0}
    - target: {fileID: 4071840698320458, guid: 1534b282dd30225468970761b4d95c4e, type: 3}
      propertyPath: m_LocalEulerAnglesHint.y
      value: 0
      objectReference: {fileID: 0}
    - target: {fileID: 4071840698320458, guid: 1534b282dd30225468970761b4d95c4e, type: 3}
      propertyPath: m_LocalEulerAnglesHint.z
      value: 0
      objectReference: {fileID: 0}
    m_RemovedComponents: []
  m_SourcePrefab: {fileID: 100100000, guid: 1534b282dd30225468970761b4d95c4e, type: 3}
--- !u!4 &8044434201381122829 stripped
Transform:
  m_CorrespondingSourceObject: {fileID: 4071840698320458, guid: 1534b282dd30225468970761b4d95c4e,
    type: 3}
  m_PrefabInstance: {fileID: 8047340007841920327}
  m_PrefabAsset: {fileID: 0}
--- !u!1001 &8047340007849791723
PrefabInstance:
  m_ObjectHideFlags: 0
  serializedVersion: 2
  m_Modification:
    m_TransformParent: {fileID: 8047340007407264023}
    m_Modifications:
    - target: {fileID: 1528761151779596, guid: 1534b282dd30225468970761b4d95c4e, type: 3}
      propertyPath: m_Name
      value: Grass 01 (16)
      objectReference: {fileID: 0}
    - target: {fileID: 4071840698320458, guid: 1534b282dd30225468970761b4d95c4e, type: 3}
      propertyPath: m_LocalPosition.x
      value: 0
      objectReference: {fileID: 0}
    - target: {fileID: 4071840698320458, guid: 1534b282dd30225468970761b4d95c4e, type: 3}
      propertyPath: m_LocalPosition.y
      value: 0
      objectReference: {fileID: 0}
    - target: {fileID: 4071840698320458, guid: 1534b282dd30225468970761b4d95c4e, type: 3}
      propertyPath: m_LocalPosition.z
      value: 18
      objectReference: {fileID: 0}
    - target: {fileID: 4071840698320458, guid: 1534b282dd30225468970761b4d95c4e, type: 3}
      propertyPath: m_LocalRotation.x
      value: -0
      objectReference: {fileID: 0}
    - target: {fileID: 4071840698320458, guid: 1534b282dd30225468970761b4d95c4e, type: 3}
      propertyPath: m_LocalRotation.y
      value: -0
      objectReference: {fileID: 0}
    - target: {fileID: 4071840698320458, guid: 1534b282dd30225468970761b4d95c4e, type: 3}
      propertyPath: m_LocalRotation.z
      value: -0
      objectReference: {fileID: 0}
    - target: {fileID: 4071840698320458, guid: 1534b282dd30225468970761b4d95c4e, type: 3}
      propertyPath: m_LocalRotation.w
      value: 1
      objectReference: {fileID: 0}
    - target: {fileID: 4071840698320458, guid: 1534b282dd30225468970761b4d95c4e, type: 3}
      propertyPath: m_RootOrder
      value: 16
      objectReference: {fileID: 0}
    - target: {fileID: 4071840698320458, guid: 1534b282dd30225468970761b4d95c4e, type: 3}
      propertyPath: m_LocalEulerAnglesHint.x
      value: 0
      objectReference: {fileID: 0}
    - target: {fileID: 4071840698320458, guid: 1534b282dd30225468970761b4d95c4e, type: 3}
      propertyPath: m_LocalEulerAnglesHint.y
      value: 0
      objectReference: {fileID: 0}
    - target: {fileID: 4071840698320458, guid: 1534b282dd30225468970761b4d95c4e, type: 3}
      propertyPath: m_LocalEulerAnglesHint.z
      value: 0
      objectReference: {fileID: 0}
    m_RemovedComponents: []
  m_SourcePrefab: {fileID: 100100000, guid: 1534b282dd30225468970761b4d95c4e, type: 3}
--- !u!4 &8044434201388963489 stripped
Transform:
  m_CorrespondingSourceObject: {fileID: 4071840698320458, guid: 1534b282dd30225468970761b4d95c4e,
    type: 3}
  m_PrefabInstance: {fileID: 8047340007849791723}
  m_PrefabAsset: {fileID: 0}
--- !u!1001 &8047340007900011285
PrefabInstance:
  m_ObjectHideFlags: 0
  serializedVersion: 2
  m_Modification:
    m_TransformParent: {fileID: 8047340007407264023}
    m_Modifications:
    - target: {fileID: 1528761151779596, guid: 1534b282dd30225468970761b4d95c4e, type: 3}
      propertyPath: m_Name
      value: Grass 01 (14)
      objectReference: {fileID: 0}
    - target: {fileID: 4071840698320458, guid: 1534b282dd30225468970761b4d95c4e, type: 3}
      propertyPath: m_LocalPosition.x
      value: 0
      objectReference: {fileID: 0}
    - target: {fileID: 4071840698320458, guid: 1534b282dd30225468970761b4d95c4e, type: 3}
      propertyPath: m_LocalPosition.y
      value: 0
      objectReference: {fileID: 0}
    - target: {fileID: 4071840698320458, guid: 1534b282dd30225468970761b4d95c4e, type: 3}
      propertyPath: m_LocalPosition.z
      value: -14
      objectReference: {fileID: 0}
    - target: {fileID: 4071840698320458, guid: 1534b282dd30225468970761b4d95c4e, type: 3}
      propertyPath: m_LocalRotation.x
      value: -0
      objectReference: {fileID: 0}
    - target: {fileID: 4071840698320458, guid: 1534b282dd30225468970761b4d95c4e, type: 3}
      propertyPath: m_LocalRotation.y
      value: -0
      objectReference: {fileID: 0}
    - target: {fileID: 4071840698320458, guid: 1534b282dd30225468970761b4d95c4e, type: 3}
      propertyPath: m_LocalRotation.z
      value: -0
      objectReference: {fileID: 0}
    - target: {fileID: 4071840698320458, guid: 1534b282dd30225468970761b4d95c4e, type: 3}
      propertyPath: m_LocalRotation.w
      value: 1
      objectReference: {fileID: 0}
    - target: {fileID: 4071840698320458, guid: 1534b282dd30225468970761b4d95c4e, type: 3}
      propertyPath: m_RootOrder
      value: 14
      objectReference: {fileID: 0}
    - target: {fileID: 4071840698320458, guid: 1534b282dd30225468970761b4d95c4e, type: 3}
      propertyPath: m_LocalEulerAnglesHint.x
      value: 0
      objectReference: {fileID: 0}
    - target: {fileID: 4071840698320458, guid: 1534b282dd30225468970761b4d95c4e, type: 3}
      propertyPath: m_LocalEulerAnglesHint.y
      value: 0
      objectReference: {fileID: 0}
    - target: {fileID: 4071840698320458, guid: 1534b282dd30225468970761b4d95c4e, type: 3}
      propertyPath: m_LocalEulerAnglesHint.z
      value: 0
      objectReference: {fileID: 0}
    m_RemovedComponents: []
  m_SourcePrefab: {fileID: 100100000, guid: 1534b282dd30225468970761b4d95c4e, type: 3}
--- !u!4 &8044434201506520415 stripped
Transform:
  m_CorrespondingSourceObject: {fileID: 4071840698320458, guid: 1534b282dd30225468970761b4d95c4e,
    type: 3}
  m_PrefabInstance: {fileID: 8047340007900011285}
  m_PrefabAsset: {fileID: 0}
--- !u!1001 &8047340007903236600
PrefabInstance:
  m_ObjectHideFlags: 0
  serializedVersion: 2
  m_Modification:
    m_TransformParent: {fileID: 8047340007407264023}
    m_Modifications:
    - target: {fileID: 1528761151779596, guid: 1534b282dd30225468970761b4d95c4e, type: 3}
      propertyPath: m_Name
      value: Grass 01 (21)
      objectReference: {fileID: 0}
    - target: {fileID: 4071840698320458, guid: 1534b282dd30225468970761b4d95c4e, type: 3}
      propertyPath: m_LocalPosition.x
      value: 0
      objectReference: {fileID: 0}
    - target: {fileID: 4071840698320458, guid: 1534b282dd30225468970761b4d95c4e, type: 3}
      propertyPath: m_LocalPosition.y
      value: 0
      objectReference: {fileID: 0}
    - target: {fileID: 4071840698320458, guid: 1534b282dd30225468970761b4d95c4e, type: 3}
      propertyPath: m_LocalPosition.z
      value: -22
      objectReference: {fileID: 0}
    - target: {fileID: 4071840698320458, guid: 1534b282dd30225468970761b4d95c4e, type: 3}
      propertyPath: m_LocalRotation.x
      value: -0
      objectReference: {fileID: 0}
    - target: {fileID: 4071840698320458, guid: 1534b282dd30225468970761b4d95c4e, type: 3}
      propertyPath: m_LocalRotation.y
      value: -0
      objectReference: {fileID: 0}
    - target: {fileID: 4071840698320458, guid: 1534b282dd30225468970761b4d95c4e, type: 3}
      propertyPath: m_LocalRotation.z
      value: -0
      objectReference: {fileID: 0}
    - target: {fileID: 4071840698320458, guid: 1534b282dd30225468970761b4d95c4e, type: 3}
      propertyPath: m_LocalRotation.w
      value: 1
      objectReference: {fileID: 0}
    - target: {fileID: 4071840698320458, guid: 1534b282dd30225468970761b4d95c4e, type: 3}
      propertyPath: m_RootOrder
      value: 21
      objectReference: {fileID: 0}
    - target: {fileID: 4071840698320458, guid: 1534b282dd30225468970761b4d95c4e, type: 3}
      propertyPath: m_LocalEulerAnglesHint.x
      value: 0
      objectReference: {fileID: 0}
    - target: {fileID: 4071840698320458, guid: 1534b282dd30225468970761b4d95c4e, type: 3}
      propertyPath: m_LocalEulerAnglesHint.y
      value: 0
      objectReference: {fileID: 0}
    - target: {fileID: 4071840698320458, guid: 1534b282dd30225468970761b4d95c4e, type: 3}
      propertyPath: m_LocalEulerAnglesHint.z
      value: 0
      objectReference: {fileID: 0}
    m_RemovedComponents: []
  m_SourcePrefab: {fileID: 100100000, guid: 1534b282dd30225468970761b4d95c4e, type: 3}
--- !u!4 &8044434201505388466 stripped
Transform:
  m_CorrespondingSourceObject: {fileID: 4071840698320458, guid: 1534b282dd30225468970761b4d95c4e,
    type: 3}
  m_PrefabInstance: {fileID: 8047340007903236600}
  m_PrefabAsset: {fileID: 0}
--- !u!1001 &8047340007934183893
PrefabInstance:
  m_ObjectHideFlags: 0
  serializedVersion: 2
  m_Modification:
    m_TransformParent: {fileID: 8047340007407264023}
    m_Modifications:
    - target: {fileID: 1528761151779596, guid: 1534b282dd30225468970761b4d95c4e, type: 3}
      propertyPath: m_Name
      value: Grass 01 (9)
      objectReference: {fileID: 0}
    - target: {fileID: 4071840698320458, guid: 1534b282dd30225468970761b4d95c4e, type: 3}
      propertyPath: m_LocalPosition.x
      value: 0
      objectReference: {fileID: 0}
    - target: {fileID: 4071840698320458, guid: 1534b282dd30225468970761b4d95c4e, type: 3}
      propertyPath: m_LocalPosition.y
      value: 0
      objectReference: {fileID: 0}
    - target: {fileID: 4071840698320458, guid: 1534b282dd30225468970761b4d95c4e, type: 3}
      propertyPath: m_LocalPosition.z
      value: -8
      objectReference: {fileID: 0}
    - target: {fileID: 4071840698320458, guid: 1534b282dd30225468970761b4d95c4e, type: 3}
      propertyPath: m_LocalRotation.x
      value: -0
      objectReference: {fileID: 0}
    - target: {fileID: 4071840698320458, guid: 1534b282dd30225468970761b4d95c4e, type: 3}
      propertyPath: m_LocalRotation.y
      value: -0
      objectReference: {fileID: 0}
    - target: {fileID: 4071840698320458, guid: 1534b282dd30225468970761b4d95c4e, type: 3}
      propertyPath: m_LocalRotation.z
      value: -0
      objectReference: {fileID: 0}
    - target: {fileID: 4071840698320458, guid: 1534b282dd30225468970761b4d95c4e, type: 3}
      propertyPath: m_LocalRotation.w
      value: 1
      objectReference: {fileID: 0}
    - target: {fileID: 4071840698320458, guid: 1534b282dd30225468970761b4d95c4e, type: 3}
      propertyPath: m_RootOrder
      value: 9
      objectReference: {fileID: 0}
    - target: {fileID: 4071840698320458, guid: 1534b282dd30225468970761b4d95c4e, type: 3}
      propertyPath: m_LocalEulerAnglesHint.x
      value: 0
      objectReference: {fileID: 0}
    - target: {fileID: 4071840698320458, guid: 1534b282dd30225468970761b4d95c4e, type: 3}
      propertyPath: m_LocalEulerAnglesHint.y
      value: 0
      objectReference: {fileID: 0}
    - target: {fileID: 4071840698320458, guid: 1534b282dd30225468970761b4d95c4e, type: 3}
      propertyPath: m_LocalEulerAnglesHint.z
      value: 0
      objectReference: {fileID: 0}
    m_RemovedComponents: []
  m_SourcePrefab: {fileID: 100100000, guid: 1534b282dd30225468970761b4d95c4e, type: 3}
--- !u!4 &8044434201473388447 stripped
Transform:
  m_CorrespondingSourceObject: {fileID: 4071840698320458, guid: 1534b282dd30225468970761b4d95c4e,
    type: 3}
  m_PrefabInstance: {fileID: 8047340007934183893}
  m_PrefabAsset: {fileID: 0}
--- !u!1001 &8047340007948068055
PrefabInstance:
  m_ObjectHideFlags: 0
  serializedVersion: 2
  m_Modification:
    m_TransformParent: {fileID: 8047340007407264023}
    m_Modifications:
    - target: {fileID: 1528761151779596, guid: 1534b282dd30225468970761b4d95c4e, type: 3}
      propertyPath: m_Name
      value: Grass 01 (23)
      objectReference: {fileID: 0}
    - target: {fileID: 4071840698320458, guid: 1534b282dd30225468970761b4d95c4e, type: 3}
      propertyPath: m_LocalPosition.x
      value: 0
      objectReference: {fileID: 0}
    - target: {fileID: 4071840698320458, guid: 1534b282dd30225468970761b4d95c4e, type: 3}
      propertyPath: m_LocalPosition.y
      value: 0
      objectReference: {fileID: 0}
    - target: {fileID: 4071840698320458, guid: 1534b282dd30225468970761b4d95c4e, type: 3}
      propertyPath: m_LocalPosition.z
      value: -26
      objectReference: {fileID: 0}
    - target: {fileID: 4071840698320458, guid: 1534b282dd30225468970761b4d95c4e, type: 3}
      propertyPath: m_LocalRotation.x
      value: -0
      objectReference: {fileID: 0}
    - target: {fileID: 4071840698320458, guid: 1534b282dd30225468970761b4d95c4e, type: 3}
      propertyPath: m_LocalRotation.y
      value: -0
      objectReference: {fileID: 0}
    - target: {fileID: 4071840698320458, guid: 1534b282dd30225468970761b4d95c4e, type: 3}
      propertyPath: m_LocalRotation.z
      value: -0
      objectReference: {fileID: 0}
    - target: {fileID: 4071840698320458, guid: 1534b282dd30225468970761b4d95c4e, type: 3}
      propertyPath: m_LocalRotation.w
      value: 1
      objectReference: {fileID: 0}
    - target: {fileID: 4071840698320458, guid: 1534b282dd30225468970761b4d95c4e, type: 3}
      propertyPath: m_RootOrder
      value: 23
      objectReference: {fileID: 0}
    - target: {fileID: 4071840698320458, guid: 1534b282dd30225468970761b4d95c4e, type: 3}
      propertyPath: m_LocalEulerAnglesHint.x
      value: 0
      objectReference: {fileID: 0}
    - target: {fileID: 4071840698320458, guid: 1534b282dd30225468970761b4d95c4e, type: 3}
      propertyPath: m_LocalEulerAnglesHint.y
      value: 0
      objectReference: {fileID: 0}
    - target: {fileID: 4071840698320458, guid: 1534b282dd30225468970761b4d95c4e, type: 3}
      propertyPath: m_LocalEulerAnglesHint.z
      value: 0
      objectReference: {fileID: 0}
    m_RemovedComponents: []
  m_SourcePrefab: {fileID: 100100000, guid: 1534b282dd30225468970761b4d95c4e, type: 3}
--- !u!4 &8044434199680082589 stripped
Transform:
  m_CorrespondingSourceObject: {fileID: 4071840698320458, guid: 1534b282dd30225468970761b4d95c4e,
    type: 3}
  m_PrefabInstance: {fileID: 8047340007948068055}
  m_PrefabAsset: {fileID: 0}
--- !u!1001 &8047340007960530173
PrefabInstance:
  m_ObjectHideFlags: 0
  serializedVersion: 2
  m_Modification:
    m_TransformParent: {fileID: 8047340007407264023}
    m_Modifications:
    - target: {fileID: 1528761151779596, guid: 1534b282dd30225468970761b4d95c4e, type: 3}
      propertyPath: m_Name
      value: Grass 01 (15)
      objectReference: {fileID: 0}
    - target: {fileID: 4071840698320458, guid: 1534b282dd30225468970761b4d95c4e, type: 3}
      propertyPath: m_LocalPosition.x
      value: 0
      objectReference: {fileID: 0}
    - target: {fileID: 4071840698320458, guid: 1534b282dd30225468970761b4d95c4e, type: 3}
      propertyPath: m_LocalPosition.y
      value: 0
      objectReference: {fileID: 0}
    - target: {fileID: 4071840698320458, guid: 1534b282dd30225468970761b4d95c4e, type: 3}
      propertyPath: m_LocalPosition.z
      value: 10
      objectReference: {fileID: 0}
    - target: {fileID: 4071840698320458, guid: 1534b282dd30225468970761b4d95c4e, type: 3}
      propertyPath: m_LocalRotation.x
      value: -0
      objectReference: {fileID: 0}
    - target: {fileID: 4071840698320458, guid: 1534b282dd30225468970761b4d95c4e, type: 3}
      propertyPath: m_LocalRotation.y
      value: -0
      objectReference: {fileID: 0}
    - target: {fileID: 4071840698320458, guid: 1534b282dd30225468970761b4d95c4e, type: 3}
      propertyPath: m_LocalRotation.z
      value: -0
      objectReference: {fileID: 0}
    - target: {fileID: 4071840698320458, guid: 1534b282dd30225468970761b4d95c4e, type: 3}
      propertyPath: m_LocalRotation.w
      value: 1
      objectReference: {fileID: 0}
    - target: {fileID: 4071840698320458, guid: 1534b282dd30225468970761b4d95c4e, type: 3}
      propertyPath: m_RootOrder
      value: 15
      objectReference: {fileID: 0}
    - target: {fileID: 4071840698320458, guid: 1534b282dd30225468970761b4d95c4e, type: 3}
      propertyPath: m_LocalEulerAnglesHint.x
      value: 0
      objectReference: {fileID: 0}
    - target: {fileID: 4071840698320458, guid: 1534b282dd30225468970761b4d95c4e, type: 3}
      propertyPath: m_LocalEulerAnglesHint.y
      value: 0
      objectReference: {fileID: 0}
    - target: {fileID: 4071840698320458, guid: 1534b282dd30225468970761b4d95c4e, type: 3}
      propertyPath: m_LocalEulerAnglesHint.z
      value: 0
      objectReference: {fileID: 0}
    m_RemovedComponents: []
  m_SourcePrefab: {fileID: 100100000, guid: 1534b282dd30225468970761b4d95c4e, type: 3}
--- !u!4 &8044434199683336887 stripped
Transform:
  m_CorrespondingSourceObject: {fileID: 4071840698320458, guid: 1534b282dd30225468970761b4d95c4e,
    type: 3}
  m_PrefabInstance: {fileID: 8047340007960530173}
  m_PrefabAsset: {fileID: 0}
--- !u!1001 &8047340008027378904
PrefabInstance:
  m_ObjectHideFlags: 0
  serializedVersion: 2
  m_Modification:
    m_TransformParent: {fileID: 8047340007407264023}
    m_Modifications:
    - target: {fileID: 1528761151779596, guid: 1534b282dd30225468970761b4d95c4e, type: 3}
      propertyPath: m_Name
      value: Grass 01 (7)
      objectReference: {fileID: 0}
    - target: {fileID: 4071840698320458, guid: 1534b282dd30225468970761b4d95c4e, type: 3}
      propertyPath: m_LocalPosition.x
      value: 0
      objectReference: {fileID: 0}
    - target: {fileID: 4071840698320458, guid: 1534b282dd30225468970761b4d95c4e, type: 3}
      propertyPath: m_LocalPosition.y
      value: 0
      objectReference: {fileID: 0}
    - target: {fileID: 4071840698320458, guid: 1534b282dd30225468970761b4d95c4e, type: 3}
      propertyPath: m_LocalPosition.z
      value: -4
      objectReference: {fileID: 0}
    - target: {fileID: 4071840698320458, guid: 1534b282dd30225468970761b4d95c4e, type: 3}
      propertyPath: m_LocalRotation.x
      value: -0
      objectReference: {fileID: 0}
    - target: {fileID: 4071840698320458, guid: 1534b282dd30225468970761b4d95c4e, type: 3}
      propertyPath: m_LocalRotation.y
      value: -0
      objectReference: {fileID: 0}
    - target: {fileID: 4071840698320458, guid: 1534b282dd30225468970761b4d95c4e, type: 3}
      propertyPath: m_LocalRotation.z
      value: -0
      objectReference: {fileID: 0}
    - target: {fileID: 4071840698320458, guid: 1534b282dd30225468970761b4d95c4e, type: 3}
      propertyPath: m_LocalRotation.w
      value: 1
      objectReference: {fileID: 0}
    - target: {fileID: 4071840698320458, guid: 1534b282dd30225468970761b4d95c4e, type: 3}
      propertyPath: m_RootOrder
      value: 7
      objectReference: {fileID: 0}
    - target: {fileID: 4071840698320458, guid: 1534b282dd30225468970761b4d95c4e, type: 3}
      propertyPath: m_LocalEulerAnglesHint.x
      value: 0
      objectReference: {fileID: 0}
    - target: {fileID: 4071840698320458, guid: 1534b282dd30225468970761b4d95c4e, type: 3}
      propertyPath: m_LocalEulerAnglesHint.y
      value: 0
      objectReference: {fileID: 0}
    - target: {fileID: 4071840698320458, guid: 1534b282dd30225468970761b4d95c4e, type: 3}
      propertyPath: m_LocalEulerAnglesHint.z
      value: 0
      objectReference: {fileID: 0}
    m_RemovedComponents: []
  m_SourcePrefab: {fileID: 100100000, guid: 1534b282dd30225468970761b4d95c4e, type: 3}
--- !u!4 &8044434199750709906 stripped
Transform:
  m_CorrespondingSourceObject: {fileID: 4071840698320458, guid: 1534b282dd30225468970761b4d95c4e,
    type: 3}
  m_PrefabInstance: {fileID: 8047340008027378904}
  m_PrefabAsset: {fileID: 0}
--- !u!1001 &8047340008111658095
PrefabInstance:
  m_ObjectHideFlags: 0
  serializedVersion: 2
  m_Modification:
    m_TransformParent: {fileID: 8047340007407264023}
    m_Modifications:
    - target: {fileID: 1528761151779596, guid: 1534b282dd30225468970761b4d95c4e, type: 3}
      propertyPath: m_Name
      value: Grass 01 (3)
      objectReference: {fileID: 0}
    - target: {fileID: 4071840698320458, guid: 1534b282dd30225468970761b4d95c4e, type: 3}
      propertyPath: m_LocalPosition.x
      value: 0
      objectReference: {fileID: 0}
    - target: {fileID: 4071840698320458, guid: 1534b282dd30225468970761b4d95c4e, type: 3}
      propertyPath: m_LocalPosition.y
      value: 0
      objectReference: {fileID: 0}
    - target: {fileID: 4071840698320458, guid: 1534b282dd30225468970761b4d95c4e, type: 3}
      propertyPath: m_LocalPosition.z
      value: 6
      objectReference: {fileID: 0}
    - target: {fileID: 4071840698320458, guid: 1534b282dd30225468970761b4d95c4e, type: 3}
      propertyPath: m_LocalRotation.x
      value: -0
      objectReference: {fileID: 0}
    - target: {fileID: 4071840698320458, guid: 1534b282dd30225468970761b4d95c4e, type: 3}
      propertyPath: m_LocalRotation.y
      value: -0
      objectReference: {fileID: 0}
    - target: {fileID: 4071840698320458, guid: 1534b282dd30225468970761b4d95c4e, type: 3}
      propertyPath: m_LocalRotation.z
      value: -0
      objectReference: {fileID: 0}
    - target: {fileID: 4071840698320458, guid: 1534b282dd30225468970761b4d95c4e, type: 3}
      propertyPath: m_LocalRotation.w
      value: 1
      objectReference: {fileID: 0}
    - target: {fileID: 4071840698320458, guid: 1534b282dd30225468970761b4d95c4e, type: 3}
      propertyPath: m_RootOrder
      value: 3
      objectReference: {fileID: 0}
    - target: {fileID: 4071840698320458, guid: 1534b282dd30225468970761b4d95c4e, type: 3}
      propertyPath: m_LocalEulerAnglesHint.x
      value: 0
      objectReference: {fileID: 0}
    - target: {fileID: 4071840698320458, guid: 1534b282dd30225468970761b4d95c4e, type: 3}
      propertyPath: m_LocalEulerAnglesHint.y
      value: 0
      objectReference: {fileID: 0}
    - target: {fileID: 4071840698320458, guid: 1534b282dd30225468970761b4d95c4e, type: 3}
      propertyPath: m_LocalEulerAnglesHint.z
      value: 0
      objectReference: {fileID: 0}
    m_RemovedComponents: []
  m_SourcePrefab: {fileID: 100100000, guid: 1534b282dd30225468970761b4d95c4e, type: 3}
--- !u!4 &8044434199499706917 stripped
Transform:
  m_CorrespondingSourceObject: {fileID: 4071840698320458, guid: 1534b282dd30225468970761b4d95c4e,
    type: 3}
  m_PrefabInstance: {fileID: 8047340008111658095}
  m_PrefabAsset: {fileID: 0}
--- !u!1001 &8047340008119850956
PrefabInstance:
  m_ObjectHideFlags: 0
  serializedVersion: 2
  m_Modification:
    m_TransformParent: {fileID: 8047340007407264023}
    m_Modifications:
    - target: {fileID: 1528761151779596, guid: 1534b282dd30225468970761b4d95c4e, type: 3}
      propertyPath: m_Name
      value: Grass 01 (10)
      objectReference: {fileID: 0}
    - target: {fileID: 4071840698320458, guid: 1534b282dd30225468970761b4d95c4e, type: 3}
      propertyPath: m_LocalPosition.x
      value: 0
      objectReference: {fileID: 0}
    - target: {fileID: 4071840698320458, guid: 1534b282dd30225468970761b4d95c4e, type: 3}
      propertyPath: m_LocalPosition.y
      value: 0
      objectReference: {fileID: 0}
    - target: {fileID: 4071840698320458, guid: 1534b282dd30225468970761b4d95c4e, type: 3}
      propertyPath: m_LocalPosition.z
      value: -10
      objectReference: {fileID: 0}
    - target: {fileID: 4071840698320458, guid: 1534b282dd30225468970761b4d95c4e, type: 3}
      propertyPath: m_LocalRotation.x
      value: -0
      objectReference: {fileID: 0}
    - target: {fileID: 4071840698320458, guid: 1534b282dd30225468970761b4d95c4e, type: 3}
      propertyPath: m_LocalRotation.y
      value: -0
      objectReference: {fileID: 0}
    - target: {fileID: 4071840698320458, guid: 1534b282dd30225468970761b4d95c4e, type: 3}
      propertyPath: m_LocalRotation.z
      value: -0
      objectReference: {fileID: 0}
    - target: {fileID: 4071840698320458, guid: 1534b282dd30225468970761b4d95c4e, type: 3}
      propertyPath: m_LocalRotation.w
      value: 1
      objectReference: {fileID: 0}
    - target: {fileID: 4071840698320458, guid: 1534b282dd30225468970761b4d95c4e, type: 3}
      propertyPath: m_RootOrder
      value: 10
      objectReference: {fileID: 0}
    - target: {fileID: 4071840698320458, guid: 1534b282dd30225468970761b4d95c4e, type: 3}
      propertyPath: m_LocalEulerAnglesHint.x
      value: 0
      objectReference: {fileID: 0}
    - target: {fileID: 4071840698320458, guid: 1534b282dd30225468970761b4d95c4e, type: 3}
      propertyPath: m_LocalEulerAnglesHint.y
      value: 0
      objectReference: {fileID: 0}
    - target: {fileID: 4071840698320458, guid: 1534b282dd30225468970761b4d95c4e, type: 3}
      propertyPath: m_LocalEulerAnglesHint.z
      value: 0
      objectReference: {fileID: 0}
    m_RemovedComponents: []
  m_SourcePrefab: {fileID: 100100000, guid: 1534b282dd30225468970761b4d95c4e, type: 3}
--- !u!4 &8044434199507243398 stripped
Transform:
  m_CorrespondingSourceObject: {fileID: 4071840698320458, guid: 1534b282dd30225468970761b4d95c4e,
    type: 3}
  m_PrefabInstance: {fileID: 8047340008119850956}
  m_PrefabAsset: {fileID: 0}
--- !u!1001 &8047340008179498324
PrefabInstance:
  m_ObjectHideFlags: 0
  serializedVersion: 2
  m_Modification:
    m_TransformParent: {fileID: 8047340007407264023}
    m_Modifications:
    - target: {fileID: 1528761151779596, guid: 1534b282dd30225468970761b4d95c4e, type: 3}
      propertyPath: m_Name
      value: Grass 01 (12)
      objectReference: {fileID: 0}
    - target: {fileID: 4071840698320458, guid: 1534b282dd30225468970761b4d95c4e, type: 3}
      propertyPath: m_LocalPosition.x
      value: 0
      objectReference: {fileID: 0}
    - target: {fileID: 4071840698320458, guid: 1534b282dd30225468970761b4d95c4e, type: 3}
      propertyPath: m_LocalPosition.y
      value: 0
      objectReference: {fileID: 0}
    - target: {fileID: 4071840698320458, guid: 1534b282dd30225468970761b4d95c4e, type: 3}
      propertyPath: m_LocalPosition.z
      value: 14
      objectReference: {fileID: 0}
    - target: {fileID: 4071840698320458, guid: 1534b282dd30225468970761b4d95c4e, type: 3}
      propertyPath: m_LocalRotation.x
      value: -0
      objectReference: {fileID: 0}
    - target: {fileID: 4071840698320458, guid: 1534b282dd30225468970761b4d95c4e, type: 3}
      propertyPath: m_LocalRotation.y
      value: -0
      objectReference: {fileID: 0}
    - target: {fileID: 4071840698320458, guid: 1534b282dd30225468970761b4d95c4e, type: 3}
      propertyPath: m_LocalRotation.z
      value: -0
      objectReference: {fileID: 0}
    - target: {fileID: 4071840698320458, guid: 1534b282dd30225468970761b4d95c4e, type: 3}
      propertyPath: m_LocalRotation.w
      value: 1
      objectReference: {fileID: 0}
    - target: {fileID: 4071840698320458, guid: 1534b282dd30225468970761b4d95c4e, type: 3}
      propertyPath: m_RootOrder
      value: 12
      objectReference: {fileID: 0}
    - target: {fileID: 4071840698320458, guid: 1534b282dd30225468970761b4d95c4e, type: 3}
      propertyPath: m_LocalEulerAnglesHint.x
      value: 0
      objectReference: {fileID: 0}
    - target: {fileID: 4071840698320458, guid: 1534b282dd30225468970761b4d95c4e, type: 3}
      propertyPath: m_LocalEulerAnglesHint.y
      value: 0
      objectReference: {fileID: 0}
    - target: {fileID: 4071840698320458, guid: 1534b282dd30225468970761b4d95c4e, type: 3}
      propertyPath: m_LocalEulerAnglesHint.z
      value: 0
      objectReference: {fileID: 0}
    m_RemovedComponents: []
  m_SourcePrefab: {fileID: 100100000, guid: 1534b282dd30225468970761b4d95c4e, type: 3}
--- !u!4 &8044434199567153950 stripped
Transform:
  m_CorrespondingSourceObject: {fileID: 4071840698320458, guid: 1534b282dd30225468970761b4d95c4e,
    type: 3}
  m_PrefabInstance: {fileID: 8047340008179498324}
  m_PrefabAsset: {fileID: 0}
--- !u!1001 &8047340008232005046
PrefabInstance:
  m_ObjectHideFlags: 0
  serializedVersion: 2
  m_Modification:
    m_TransformParent: {fileID: 8047340007407264023}
    m_Modifications:
    - target: {fileID: 1528761151779596, guid: 1534b282dd30225468970761b4d95c4e, type: 3}
      propertyPath: m_Name
      value: Grass 01 (8)
      objectReference: {fileID: 0}
    - target: {fileID: 4071840698320458, guid: 1534b282dd30225468970761b4d95c4e, type: 3}
      propertyPath: m_LocalPosition.x
      value: 0
      objectReference: {fileID: 0}
    - target: {fileID: 4071840698320458, guid: 1534b282dd30225468970761b4d95c4e, type: 3}
      propertyPath: m_LocalPosition.y
      value: 0
      objectReference: {fileID: 0}
    - target: {fileID: 4071840698320458, guid: 1534b282dd30225468970761b4d95c4e, type: 3}
      propertyPath: m_LocalPosition.z
      value: -6
      objectReference: {fileID: 0}
    - target: {fileID: 4071840698320458, guid: 1534b282dd30225468970761b4d95c4e, type: 3}
      propertyPath: m_LocalRotation.x
      value: -0
      objectReference: {fileID: 0}
    - target: {fileID: 4071840698320458, guid: 1534b282dd30225468970761b4d95c4e, type: 3}
      propertyPath: m_LocalRotation.y
      value: -0
      objectReference: {fileID: 0}
    - target: {fileID: 4071840698320458, guid: 1534b282dd30225468970761b4d95c4e, type: 3}
      propertyPath: m_LocalRotation.z
      value: -0
      objectReference: {fileID: 0}
    - target: {fileID: 4071840698320458, guid: 1534b282dd30225468970761b4d95c4e, type: 3}
      propertyPath: m_LocalRotation.w
      value: 1
      objectReference: {fileID: 0}
    - target: {fileID: 4071840698320458, guid: 1534b282dd30225468970761b4d95c4e, type: 3}
      propertyPath: m_RootOrder
      value: 8
      objectReference: {fileID: 0}
    - target: {fileID: 4071840698320458, guid: 1534b282dd30225468970761b4d95c4e, type: 3}
      propertyPath: m_LocalEulerAnglesHint.x
      value: 0
      objectReference: {fileID: 0}
    - target: {fileID: 4071840698320458, guid: 1534b282dd30225468970761b4d95c4e, type: 3}
      propertyPath: m_LocalEulerAnglesHint.y
      value: 0
      objectReference: {fileID: 0}
    - target: {fileID: 4071840698320458, guid: 1534b282dd30225468970761b4d95c4e, type: 3}
      propertyPath: m_LocalEulerAnglesHint.z
      value: 0
      objectReference: {fileID: 0}
    m_RemovedComponents: []
  m_SourcePrefab: {fileID: 100100000, guid: 1534b282dd30225468970761b4d95c4e, type: 3}
--- !u!4 &8044434199950846972 stripped
Transform:
  m_CorrespondingSourceObject: {fileID: 4071840698320458, guid: 1534b282dd30225468970761b4d95c4e,
    type: 3}
  m_PrefabInstance: {fileID: 8047340008232005046}
  m_PrefabAsset: {fileID: 0}
--- !u!1001 &8047340008383091656
PrefabInstance:
  m_ObjectHideFlags: 0
  serializedVersion: 2
  m_Modification:
    m_TransformParent: {fileID: 8047340007407264023}
    m_Modifications:
    - target: {fileID: 1528761151779596, guid: 1534b282dd30225468970761b4d95c4e, type: 3}
      propertyPath: m_Name
      value: Grass 01 (5)
      objectReference: {fileID: 0}
    - target: {fileID: 4071840698320458, guid: 1534b282dd30225468970761b4d95c4e, type: 3}
      propertyPath: m_LocalPosition.x
      value: 0
      objectReference: {fileID: 0}
    - target: {fileID: 4071840698320458, guid: 1534b282dd30225468970761b4d95c4e, type: 3}
      propertyPath: m_LocalPosition.y
      value: 0
      objectReference: {fileID: 0}
    - target: {fileID: 4071840698320458, guid: 1534b282dd30225468970761b4d95c4e, type: 3}
      propertyPath: m_LocalPosition.z
      value: 0
      objectReference: {fileID: 0}
    - target: {fileID: 4071840698320458, guid: 1534b282dd30225468970761b4d95c4e, type: 3}
      propertyPath: m_LocalRotation.x
      value: -0
      objectReference: {fileID: 0}
    - target: {fileID: 4071840698320458, guid: 1534b282dd30225468970761b4d95c4e, type: 3}
      propertyPath: m_LocalRotation.y
      value: -0
      objectReference: {fileID: 0}
    - target: {fileID: 4071840698320458, guid: 1534b282dd30225468970761b4d95c4e, type: 3}
      propertyPath: m_LocalRotation.z
      value: -0
      objectReference: {fileID: 0}
    - target: {fileID: 4071840698320458, guid: 1534b282dd30225468970761b4d95c4e, type: 3}
      propertyPath: m_LocalRotation.w
      value: 1
      objectReference: {fileID: 0}
    - target: {fileID: 4071840698320458, guid: 1534b282dd30225468970761b4d95c4e, type: 3}
      propertyPath: m_RootOrder
      value: 5
      objectReference: {fileID: 0}
    - target: {fileID: 4071840698320458, guid: 1534b282dd30225468970761b4d95c4e, type: 3}
      propertyPath: m_LocalEulerAnglesHint.x
      value: 0
      objectReference: {fileID: 0}
    - target: {fileID: 4071840698320458, guid: 1534b282dd30225468970761b4d95c4e, type: 3}
      propertyPath: m_LocalEulerAnglesHint.y
      value: 0
      objectReference: {fileID: 0}
    - target: {fileID: 4071840698320458, guid: 1534b282dd30225468970761b4d95c4e, type: 3}
      propertyPath: m_LocalEulerAnglesHint.z
      value: 0
      objectReference: {fileID: 0}
    m_RemovedComponents: []
  m_SourcePrefab: {fileID: 100100000, guid: 1534b282dd30225468970761b4d95c4e, type: 3}
--- !u!4 &8044434199766193538 stripped
Transform:
  m_CorrespondingSourceObject: {fileID: 4071840698320458, guid: 1534b282dd30225468970761b4d95c4e,
    type: 3}
  m_PrefabInstance: {fileID: 8047340008383091656}
  m_PrefabAsset: {fileID: 0}
--- !u!1001 &8047340008452391875
PrefabInstance:
  m_ObjectHideFlags: 0
  serializedVersion: 2
  m_Modification:
    m_TransformParent: {fileID: 8047340007407264023}
    m_Modifications:
    - target: {fileID: 1528761151779596, guid: 1534b282dd30225468970761b4d95c4e, type: 3}
      propertyPath: m_Name
      value: Grass 01 (4)
      objectReference: {fileID: 0}
    - target: {fileID: 4071840698320458, guid: 1534b282dd30225468970761b4d95c4e, type: 3}
      propertyPath: m_LocalPosition.x
      value: 0
      objectReference: {fileID: 0}
    - target: {fileID: 4071840698320458, guid: 1534b282dd30225468970761b4d95c4e, type: 3}
      propertyPath: m_LocalPosition.y
      value: 0
      objectReference: {fileID: 0}
    - target: {fileID: 4071840698320458, guid: 1534b282dd30225468970761b4d95c4e, type: 3}
      propertyPath: m_LocalPosition.z
      value: 8
      objectReference: {fileID: 0}
    - target: {fileID: 4071840698320458, guid: 1534b282dd30225468970761b4d95c4e, type: 3}
      propertyPath: m_LocalRotation.x
      value: -0
      objectReference: {fileID: 0}
    - target: {fileID: 4071840698320458, guid: 1534b282dd30225468970761b4d95c4e, type: 3}
      propertyPath: m_LocalRotation.y
      value: -0
      objectReference: {fileID: 0}
    - target: {fileID: 4071840698320458, guid: 1534b282dd30225468970761b4d95c4e, type: 3}
      propertyPath: m_LocalRotation.z
      value: -0
      objectReference: {fileID: 0}
    - target: {fileID: 4071840698320458, guid: 1534b282dd30225468970761b4d95c4e, type: 3}
      propertyPath: m_LocalRotation.w
      value: 1
      objectReference: {fileID: 0}
    - target: {fileID: 4071840698320458, guid: 1534b282dd30225468970761b4d95c4e, type: 3}
      propertyPath: m_RootOrder
      value: 4
      objectReference: {fileID: 0}
    - target: {fileID: 4071840698320458, guid: 1534b282dd30225468970761b4d95c4e, type: 3}
      propertyPath: m_LocalEulerAnglesHint.x
      value: 0
      objectReference: {fileID: 0}
    - target: {fileID: 4071840698320458, guid: 1534b282dd30225468970761b4d95c4e, type: 3}
      propertyPath: m_LocalEulerAnglesHint.y
      value: 0
      objectReference: {fileID: 0}
    - target: {fileID: 4071840698320458, guid: 1534b282dd30225468970761b4d95c4e, type: 3}
      propertyPath: m_LocalEulerAnglesHint.z
      value: 0
      objectReference: {fileID: 0}
    m_RemovedComponents: []
  m_SourcePrefab: {fileID: 100100000, guid: 1534b282dd30225468970761b4d95c4e, type: 3}
--- !u!4 &8044434199848928649 stripped
Transform:
  m_CorrespondingSourceObject: {fileID: 4071840698320458, guid: 1534b282dd30225468970761b4d95c4e,
    type: 3}
  m_PrefabInstance: {fileID: 8047340008452391875}
  m_PrefabAsset: {fileID: 0}
--- !u!1001 &8047340008524795724
PrefabInstance:
  m_ObjectHideFlags: 0
  serializedVersion: 2
  m_Modification:
    m_TransformParent: {fileID: 8047340007407264023}
    m_Modifications:
    - target: {fileID: 1528761151779596, guid: 1534b282dd30225468970761b4d95c4e, type: 3}
      propertyPath: m_Name
      value: Grass 01 (18)
      objectReference: {fileID: 0}
    - target: {fileID: 4071840698320458, guid: 1534b282dd30225468970761b4d95c4e, type: 3}
      propertyPath: m_LocalPosition.x
      value: 0
      objectReference: {fileID: 0}
    - target: {fileID: 4071840698320458, guid: 1534b282dd30225468970761b4d95c4e, type: 3}
      propertyPath: m_LocalPosition.y
      value: 0
      objectReference: {fileID: 0}
    - target: {fileID: 4071840698320458, guid: 1534b282dd30225468970761b4d95c4e, type: 3}
      propertyPath: m_LocalPosition.z
      value: -16
      objectReference: {fileID: 0}
    - target: {fileID: 4071840698320458, guid: 1534b282dd30225468970761b4d95c4e, type: 3}
      propertyPath: m_LocalRotation.x
      value: -0
      objectReference: {fileID: 0}
    - target: {fileID: 4071840698320458, guid: 1534b282dd30225468970761b4d95c4e, type: 3}
      propertyPath: m_LocalRotation.y
      value: -0
      objectReference: {fileID: 0}
    - target: {fileID: 4071840698320458, guid: 1534b282dd30225468970761b4d95c4e, type: 3}
      propertyPath: m_LocalRotation.z
      value: -0
      objectReference: {fileID: 0}
    - target: {fileID: 4071840698320458, guid: 1534b282dd30225468970761b4d95c4e, type: 3}
      propertyPath: m_LocalRotation.w
      value: 1
      objectReference: {fileID: 0}
    - target: {fileID: 4071840698320458, guid: 1534b282dd30225468970761b4d95c4e, type: 3}
      propertyPath: m_RootOrder
      value: 18
      objectReference: {fileID: 0}
    - target: {fileID: 4071840698320458, guid: 1534b282dd30225468970761b4d95c4e, type: 3}
      propertyPath: m_LocalEulerAnglesHint.x
      value: 0
      objectReference: {fileID: 0}
    - target: {fileID: 4071840698320458, guid: 1534b282dd30225468970761b4d95c4e, type: 3}
      propertyPath: m_LocalEulerAnglesHint.y
      value: 0
      objectReference: {fileID: 0}
    - target: {fileID: 4071840698320458, guid: 1534b282dd30225468970761b4d95c4e, type: 3}
      propertyPath: m_LocalEulerAnglesHint.z
      value: 0
      objectReference: {fileID: 0}
    m_RemovedComponents: []
  m_SourcePrefab: {fileID: 100100000, guid: 1534b282dd30225468970761b4d95c4e, type: 3}
--- !u!4 &8044434200177084678 stripped
Transform:
  m_CorrespondingSourceObject: {fileID: 4071840698320458, guid: 1534b282dd30225468970761b4d95c4e,
    type: 3}
  m_PrefabInstance: {fileID: 8047340008524795724}
  m_PrefabAsset: {fileID: 0}
--- !u!1001 &8047340008593677854
PrefabInstance:
  m_ObjectHideFlags: 0
  serializedVersion: 2
  m_Modification:
    m_TransformParent: {fileID: 8047340007407264023}
    m_Modifications:
    - target: {fileID: 1528761151779596, guid: 1534b282dd30225468970761b4d95c4e, type: 3}
      propertyPath: m_Name
      value: Grass 01 (22)
      objectReference: {fileID: 0}
    - target: {fileID: 4071840698320458, guid: 1534b282dd30225468970761b4d95c4e, type: 3}
      propertyPath: m_LocalPosition.x
      value: 0
      objectReference: {fileID: 0}
    - target: {fileID: 4071840698320458, guid: 1534b282dd30225468970761b4d95c4e, type: 3}
      propertyPath: m_LocalPosition.y
      value: 0
      objectReference: {fileID: 0}
    - target: {fileID: 4071840698320458, guid: 1534b282dd30225468970761b4d95c4e, type: 3}
      propertyPath: m_LocalPosition.z
      value: -24
      objectReference: {fileID: 0}
    - target: {fileID: 4071840698320458, guid: 1534b282dd30225468970761b4d95c4e, type: 3}
      propertyPath: m_LocalRotation.x
      value: -0
      objectReference: {fileID: 0}
    - target: {fileID: 4071840698320458, guid: 1534b282dd30225468970761b4d95c4e, type: 3}
      propertyPath: m_LocalRotation.y
      value: -0
      objectReference: {fileID: 0}
    - target: {fileID: 4071840698320458, guid: 1534b282dd30225468970761b4d95c4e, type: 3}
      propertyPath: m_LocalRotation.z
      value: -0
      objectReference: {fileID: 0}
    - target: {fileID: 4071840698320458, guid: 1534b282dd30225468970761b4d95c4e, type: 3}
      propertyPath: m_LocalRotation.w
      value: 1
      objectReference: {fileID: 0}
    - target: {fileID: 4071840698320458, guid: 1534b282dd30225468970761b4d95c4e, type: 3}
      propertyPath: m_RootOrder
      value: 22
      objectReference: {fileID: 0}
    - target: {fileID: 4071840698320458, guid: 1534b282dd30225468970761b4d95c4e, type: 3}
      propertyPath: m_LocalEulerAnglesHint.x
      value: 0
      objectReference: {fileID: 0}
    - target: {fileID: 4071840698320458, guid: 1534b282dd30225468970761b4d95c4e, type: 3}
      propertyPath: m_LocalEulerAnglesHint.y
      value: 0
      objectReference: {fileID: 0}
    - target: {fileID: 4071840698320458, guid: 1534b282dd30225468970761b4d95c4e, type: 3}
      propertyPath: m_LocalEulerAnglesHint.z
      value: 0
      objectReference: {fileID: 0}
    m_RemovedComponents: []
  m_SourcePrefab: {fileID: 100100000, guid: 1534b282dd30225468970761b4d95c4e, type: 3}
--- !u!4 &8044434200258156628 stripped
Transform:
  m_CorrespondingSourceObject: {fileID: 4071840698320458, guid: 1534b282dd30225468970761b4d95c4e,
    type: 3}
  m_PrefabInstance: {fileID: 8047340008593677854}
  m_PrefabAsset: {fileID: 0}
--- !u!1001 &8047340008683483038
PrefabInstance:
  m_ObjectHideFlags: 0
  serializedVersion: 2
  m_Modification:
    m_TransformParent: {fileID: 8047340007407264023}
    m_Modifications:
    - target: {fileID: 1528761151779596, guid: 1534b282dd30225468970761b4d95c4e, type: 3}
      propertyPath: m_Name
      value: Grass 01 (17)
      objectReference: {fileID: 0}
    - target: {fileID: 4071840698320458, guid: 1534b282dd30225468970761b4d95c4e, type: 3}
      propertyPath: m_LocalPosition.x
      value: 0
      objectReference: {fileID: 0}
    - target: {fileID: 4071840698320458, guid: 1534b282dd30225468970761b4d95c4e, type: 3}
      propertyPath: m_LocalPosition.y
      value: 0
      objectReference: {fileID: 0}
    - target: {fileID: 4071840698320458, guid: 1534b282dd30225468970761b4d95c4e, type: 3}
      propertyPath: m_LocalPosition.z
      value: 16
      objectReference: {fileID: 0}
    - target: {fileID: 4071840698320458, guid: 1534b282dd30225468970761b4d95c4e, type: 3}
      propertyPath: m_LocalRotation.x
      value: -0
      objectReference: {fileID: 0}
    - target: {fileID: 4071840698320458, guid: 1534b282dd30225468970761b4d95c4e, type: 3}
      propertyPath: m_LocalRotation.y
      value: -0
      objectReference: {fileID: 0}
    - target: {fileID: 4071840698320458, guid: 1534b282dd30225468970761b4d95c4e, type: 3}
      propertyPath: m_LocalRotation.z
      value: -0
      objectReference: {fileID: 0}
    - target: {fileID: 4071840698320458, guid: 1534b282dd30225468970761b4d95c4e, type: 3}
      propertyPath: m_LocalRotation.w
      value: 1
      objectReference: {fileID: 0}
    - target: {fileID: 4071840698320458, guid: 1534b282dd30225468970761b4d95c4e, type: 3}
      propertyPath: m_RootOrder
      value: 17
      objectReference: {fileID: 0}
    - target: {fileID: 4071840698320458, guid: 1534b282dd30225468970761b4d95c4e, type: 3}
      propertyPath: m_LocalEulerAnglesHint.x
      value: 0
      objectReference: {fileID: 0}
    - target: {fileID: 4071840698320458, guid: 1534b282dd30225468970761b4d95c4e, type: 3}
      propertyPath: m_LocalEulerAnglesHint.y
      value: 0
      objectReference: {fileID: 0}
    - target: {fileID: 4071840698320458, guid: 1534b282dd30225468970761b4d95c4e, type: 3}
      propertyPath: m_LocalEulerAnglesHint.z
      value: 0
      objectReference: {fileID: 0}
    m_RemovedComponents: []
  m_SourcePrefab: {fileID: 100100000, guid: 1534b282dd30225468970761b4d95c4e, type: 3}
--- !u!4 &8044434200137951700 stripped
Transform:
  m_CorrespondingSourceObject: {fileID: 4071840698320458, guid: 1534b282dd30225468970761b4d95c4e,
    type: 3}
  m_PrefabInstance: {fileID: 8047340008683483038}
  m_PrefabAsset: {fileID: 0}
--- !u!1001 &8047340008773264486
PrefabInstance:
  m_ObjectHideFlags: 0
  serializedVersion: 2
  m_Modification:
    m_TransformParent: {fileID: 8047340007407264023}
    m_Modifications:
    - target: {fileID: 1528761151779596, guid: 1534b282dd30225468970761b4d95c4e, type: 3}
      propertyPath: m_Name
      value: Grass 01 (11)
      objectReference: {fileID: 0}
    - target: {fileID: 4071840698320458, guid: 1534b282dd30225468970761b4d95c4e, type: 3}
      propertyPath: m_LocalPosition.x
      value: 0
      objectReference: {fileID: 0}
    - target: {fileID: 4071840698320458, guid: 1534b282dd30225468970761b4d95c4e, type: 3}
      propertyPath: m_LocalPosition.y
      value: 0
      objectReference: {fileID: 0}
    - target: {fileID: 4071840698320458, guid: 1534b282dd30225468970761b4d95c4e, type: 3}
      propertyPath: m_LocalPosition.z
      value: 12
      objectReference: {fileID: 0}
    - target: {fileID: 4071840698320458, guid: 1534b282dd30225468970761b4d95c4e, type: 3}
      propertyPath: m_LocalRotation.x
      value: -0
      objectReference: {fileID: 0}
    - target: {fileID: 4071840698320458, guid: 1534b282dd30225468970761b4d95c4e, type: 3}
      propertyPath: m_LocalRotation.y
      value: -0
      objectReference: {fileID: 0}
    - target: {fileID: 4071840698320458, guid: 1534b282dd30225468970761b4d95c4e, type: 3}
      propertyPath: m_LocalRotation.z
      value: -0
      objectReference: {fileID: 0}
    - target: {fileID: 4071840698320458, guid: 1534b282dd30225468970761b4d95c4e, type: 3}
      propertyPath: m_LocalRotation.w
      value: 1
      objectReference: {fileID: 0}
    - target: {fileID: 4071840698320458, guid: 1534b282dd30225468970761b4d95c4e, type: 3}
      propertyPath: m_RootOrder
      value: 11
      objectReference: {fileID: 0}
    - target: {fileID: 4071840698320458, guid: 1534b282dd30225468970761b4d95c4e, type: 3}
      propertyPath: m_LocalEulerAnglesHint.x
      value: 0
      objectReference: {fileID: 0}
    - target: {fileID: 4071840698320458, guid: 1534b282dd30225468970761b4d95c4e, type: 3}
      propertyPath: m_LocalEulerAnglesHint.y
      value: 0
      objectReference: {fileID: 0}
    - target: {fileID: 4071840698320458, guid: 1534b282dd30225468970761b4d95c4e, type: 3}
      propertyPath: m_LocalEulerAnglesHint.z
      value: 0
      objectReference: {fileID: 0}
    m_RemovedComponents: []
  m_SourcePrefab: {fileID: 100100000, guid: 1534b282dd30225468970761b4d95c4e, type: 3}
--- !u!4 &8044434200501150252 stripped
Transform:
  m_CorrespondingSourceObject: {fileID: 4071840698320458, guid: 1534b282dd30225468970761b4d95c4e,
    type: 3}
  m_PrefabInstance: {fileID: 8047340008773264486}
  m_PrefabAsset: {fileID: 0}
--- !u!1001 &8047340008974353405
PrefabInstance:
  m_ObjectHideFlags: 0
  serializedVersion: 2
  m_Modification:
    m_TransformParent: {fileID: 8047340007407264023}
    m_Modifications:
    - target: {fileID: 1528761151779596, guid: 1534b282dd30225468970761b4d95c4e, type: 3}
      propertyPath: m_Name
      value: Grass 01 (19)
      objectReference: {fileID: 0}
    - target: {fileID: 4071840698320458, guid: 1534b282dd30225468970761b4d95c4e, type: 3}
      propertyPath: m_LocalPosition.x
      value: 0
      objectReference: {fileID: 0}
    - target: {fileID: 4071840698320458, guid: 1534b282dd30225468970761b4d95c4e, type: 3}
      propertyPath: m_LocalPosition.y
      value: 0
      objectReference: {fileID: 0}
    - target: {fileID: 4071840698320458, guid: 1534b282dd30225468970761b4d95c4e, type: 3}
      propertyPath: m_LocalPosition.z
      value: -18
      objectReference: {fileID: 0}
    - target: {fileID: 4071840698320458, guid: 1534b282dd30225468970761b4d95c4e, type: 3}
      propertyPath: m_LocalRotation.x
      value: -0
      objectReference: {fileID: 0}
    - target: {fileID: 4071840698320458, guid: 1534b282dd30225468970761b4d95c4e, type: 3}
      propertyPath: m_LocalRotation.y
      value: -0
      objectReference: {fileID: 0}
    - target: {fileID: 4071840698320458, guid: 1534b282dd30225468970761b4d95c4e, type: 3}
      propertyPath: m_LocalRotation.z
      value: -0
      objectReference: {fileID: 0}
    - target: {fileID: 4071840698320458, guid: 1534b282dd30225468970761b4d95c4e, type: 3}
      propertyPath: m_LocalRotation.w
      value: 1
      objectReference: {fileID: 0}
    - target: {fileID: 4071840698320458, guid: 1534b282dd30225468970761b4d95c4e, type: 3}
      propertyPath: m_RootOrder
      value: 19
      objectReference: {fileID: 0}
    - target: {fileID: 4071840698320458, guid: 1534b282dd30225468970761b4d95c4e, type: 3}
      propertyPath: m_LocalEulerAnglesHint.x
      value: 0
      objectReference: {fileID: 0}
    - target: {fileID: 4071840698320458, guid: 1534b282dd30225468970761b4d95c4e, type: 3}
      propertyPath: m_LocalEulerAnglesHint.y
      value: 0
      objectReference: {fileID: 0}
    - target: {fileID: 4071840698320458, guid: 1534b282dd30225468970761b4d95c4e, type: 3}
      propertyPath: m_LocalEulerAnglesHint.z
      value: 0
      objectReference: {fileID: 0}
    m_RemovedComponents: []
  m_SourcePrefab: {fileID: 100100000, guid: 1534b282dd30225468970761b4d95c4e, type: 3}
--- !u!4 &8044434200433214903 stripped
Transform:
  m_CorrespondingSourceObject: {fileID: 4071840698320458, guid: 1534b282dd30225468970761b4d95c4e,
    type: 3}
  m_PrefabInstance: {fileID: 8047340008974353405}
  m_PrefabAsset: {fileID: 0}
--- !u!1001 &8047340008992352917
PrefabInstance:
  m_ObjectHideFlags: 0
  serializedVersion: 2
  m_Modification:
    m_TransformParent: {fileID: 8047340007407264023}
    m_Modifications:
    - target: {fileID: 1528761151779596, guid: 1534b282dd30225468970761b4d95c4e, type: 3}
      propertyPath: m_Name
      value: Grass 01 (20)
      objectReference: {fileID: 0}
    - target: {fileID: 4071840698320458, guid: 1534b282dd30225468970761b4d95c4e, type: 3}
      propertyPath: m_LocalPosition.x
      value: 0
      objectReference: {fileID: 0}
    - target: {fileID: 4071840698320458, guid: 1534b282dd30225468970761b4d95c4e, type: 3}
      propertyPath: m_LocalPosition.y
      value: 0
      objectReference: {fileID: 0}
    - target: {fileID: 4071840698320458, guid: 1534b282dd30225468970761b4d95c4e, type: 3}
      propertyPath: m_LocalPosition.z
      value: -20
      objectReference: {fileID: 0}
    - target: {fileID: 4071840698320458, guid: 1534b282dd30225468970761b4d95c4e, type: 3}
      propertyPath: m_LocalRotation.x
      value: -0
      objectReference: {fileID: 0}
    - target: {fileID: 4071840698320458, guid: 1534b282dd30225468970761b4d95c4e, type: 3}
      propertyPath: m_LocalRotation.y
      value: -0
      objectReference: {fileID: 0}
    - target: {fileID: 4071840698320458, guid: 1534b282dd30225468970761b4d95c4e, type: 3}
      propertyPath: m_LocalRotation.z
      value: -0
      objectReference: {fileID: 0}
    - target: {fileID: 4071840698320458, guid: 1534b282dd30225468970761b4d95c4e, type: 3}
      propertyPath: m_LocalRotation.w
      value: 1
      objectReference: {fileID: 0}
    - target: {fileID: 4071840698320458, guid: 1534b282dd30225468970761b4d95c4e, type: 3}
      propertyPath: m_RootOrder
      value: 20
      objectReference: {fileID: 0}
    - target: {fileID: 4071840698320458, guid: 1534b282dd30225468970761b4d95c4e, type: 3}
      propertyPath: m_LocalEulerAnglesHint.x
      value: 0
      objectReference: {fileID: 0}
    - target: {fileID: 4071840698320458, guid: 1534b282dd30225468970761b4d95c4e, type: 3}
      propertyPath: m_LocalEulerAnglesHint.y
      value: 0
      objectReference: {fileID: 0}
    - target: {fileID: 4071840698320458, guid: 1534b282dd30225468970761b4d95c4e, type: 3}
      propertyPath: m_LocalEulerAnglesHint.z
      value: 0
      objectReference: {fileID: 0}
    m_RemovedComponents: []
  m_SourcePrefab: {fileID: 100100000, guid: 1534b282dd30225468970761b4d95c4e, type: 3}
--- !u!4 &8044434200379583711 stripped
Transform:
  m_CorrespondingSourceObject: {fileID: 4071840698320458, guid: 1534b282dd30225468970761b4d95c4e,
    type: 3}
  m_PrefabInstance: {fileID: 8047340008992352917}
  m_PrefabAsset: {fileID: 0}
